@misc{heart_failure_clinical_records_519,
  title        = {{Heart Failure Clinical Records}},
  year         = {2020},
  howpublished = {UCI Machine Learning Repository},
  note         = {{DOI}: https://doi.org/10.24432/C5Z89R}
}

@article{nihChronicHeart,
	author = {NICE},
	title = {Chronic heart failure in adults},
	url = {https://www.ncbi.nlm.nih.gov/books/NBK536075/pdf/Bookshelf_NBK536075.pdf},
	year = {2018},
	pages = {e26-e28},
	Subtitle = {Diagnosis and management}
}

@article{hf_info,
author = {Seth S. Martin  and Aaron W. Aday  and Zaid I. Almarzooq  and Cheryl A.M. Anderson  and Pankaj Arora  and Christy L. Avery  and Carissa M. Baker-Smith  and Bethany Barone Gibbs  and Andrea Z. Beaton  and Amelia K. Boehme  and Yvonne Commodore-Mensah  and Maria E. Currie  and Mitchell S.V. Elkind  and Kelly R. Evenson  and Giuliano Generoso  and Debra G. Heard  and Swapnil Hiremath  and Michelle C. Johansen  and Rizwan Kalani  and Dhruv S. Kazi  and Darae Ko  and Junxiu Liu  and Jared W. Magnani  and Erin D. Michos  and Michael E. Mussolino  and Sankar D. Navaneethan  and Nisha I. Parikh  and Sarah M. Perman  and Remy Poudel  and Mary Rezk-Hanna  and Gregory A. Roth  and Nilay S. Shah  and Marie-Pierre St-Onge  and Evan L. Thacker  and Connie W. Tsao  and Sarah M. Urbut  and Harriette G.C. Van Spall  and Jenifer H. Voeks  and Nae-Yuh Wang  and Nathan D. Wong  and Sally S. Wong  and Kristine Yaffe  and Latha P. Palaniappan  and on behalf of the American Heart Association Council on Epidemiology and Prevention Statistics Committee and Stroke Statistics Subcommittee},
title = {2024 Heart Disease and Stroke Statistics: A Report of US and Global Data From the American Heart Association},
journal = {Circulation},
volume = {149},
number = {8},
pages = {e347-e913},
year = {2024},
doi = {10.1161/CIR.0000000000001209},
URL = {https://www.ahajournals.org/doi/abs/10.1161/CIR.0000000000001209},
eprint = {https://www.ahajournals.org/doi/pdf/10.1161/CIR.0000000000001209},
}

@misc{cdcAboutHeart,
	author = {CDC},
	title = {{A}bout {H}eart {F}ailure --- cdc.gov},
	url = {https://www.cdc.gov/heart-disease/about/heart-failure.html},
	year = {2024},
}

@article{Chicco2020MachineLC,
  title={Machine learning can predict survival of patients with heart failure from serum creatinine and ejection fraction alone},
  author={Davide Chicco and Giuseppe Jurman},
  journal={BMC Medical Informatics and Decision Making},
  year={2020},
  volume={20},
  url={https://api.semanticscholar.org/CorpusID:211018036},
}

@article{cpkArticle,
  title={Creatinine Phosphokinase},
  author={Ravinder S. Aujla and Muhammad Zubair and Roshan Patel},
  journal={StatPearls},
  year={2024},
  url={https://pubmed.ncbi.nlm.nih.gov/31536231/},
}

@misc{ejectionFraction,
  title={Ejection Fraction: What the Numbers Mean},
  author={Penn},
  year={2022},
  url={https://www.pennmedicine.org/updates/blogs/heart-and-vascular-blog/2022/april/ejection-fraction-what-the-numbers-mean},
}

@misc{platelets,
  title={What Are Platelets and Why Are They Important?},
  author={Marlene Stephanie Williams},
  year={2025},
  url={https://www.hopkinsmedicine.org/health/conditions-and-diseases/what-are-platelets-and-why-are-they-important},
}

@misc{creatinine,
  title={Creatinine (Blood)},
  author={Rochester},
  year={2025},
  url={https://www.urmc.rochester.edu/encyclopedia/content?ContentTypeID=167&ContentID=creatinine_serum},
}

@article{sodium,
  title={Hyponatremia},
  author={Helbert Rondon and Madhu Badireddy},
  journal={StatPearls},
  year={2023},
  url={https://www.ncbi.nlm.nih.gov/books/NBK470386/}
}

@article{
doi:10.1161/CIRCULATIONAHA.118.030099,
author = {Inder S. Anand  and Pankaj Gupta },
title = {Anemia and Iron Deficiency in Heart Failure},
journal = {Circulation},
volume = {138},
number = {1},
pages = {80-98},
year = {2018},
doi = {10.1161/CIRCULATIONAHA.118.030099},
URL = {https://www.ahajournals.org/doi/abs/10.1161/CIRCULATIONAHA.118.030099},
eprint = {https://www.ahajournals.org/doi/pdf/10.1161/CIRCULATIONAHA.118.030099},
}

@article{
doi:10.1161/CIRCRESAHA.118.311371,
author = {Helena C. Kenny  and E. Dale Abel },
title = {Heart Failure in Type 2 Diabetes Mellitus},
journal = {Circulation Research},
volume = {124},
number = {1},
pages = {121-141},
year = {2019},
doi = {10.1161/CIRCRESAHA.118.311371},
URL = {https://www.ahajournals.org/doi/abs/10.1161/CIRCRESAHA.118.311371},
eprint = {https://www.ahajournals.org/doi/pdf/10.1161/CIRCRESAHA.118.311371},
}

@article{hbp,
  title={Hypertensive Heart Disease},
  author={Gary Tackling and Mahesh B. Borhade},
  journal={StatPearl},
  year={2023},
  url={https://www.ncbi.nlm.nih.gov/books/NBK539800/}
}

@misc{rf,
  title={House prices: Lasso, XGBoost, and a detailed EDA},
  author={Erik Bruin},
  year={2018},
  url={https://www.kaggle.com/code/erikbruin/house-prices-lasso-xgboost-and-a-detailed-eda/report#executive-summary}
}
